<collection xmlns="http://www.loc.gov/MARC21/slim">
<record>
  <leader>01286nam0a2200265 i 450 </leader>
  <controlfield tag="001">IT\ICCU\CNCE\015916</controlfield>
  <controlfield tag="005">20050906000000.0</controlfield>
  <datafield tag="012" ind1=" " ind2=" ">
    <subfield code="a">e.la aila a,o. dose (3) 1524 (Q)</subfield>
    <subfield code="2">fei</subfield>
  </datafield>
  <datafield tag="100" ind1=" " ind2=" ">
    <subfield code="a">19970101f1524        0itac0103    ba</subfield>
  </datafield>
  <datafield tag="101" ind1=" " ind2=" ">
    <subfield code="a">SPA</subfield>
    <subfield code="a">ITA</subfield>
  </datafield>
  <datafield tag="102" ind1=" " ind2=" ">
    <subfield code="a">IT</subfield>
  </datafield>
  <datafield tag="200" ind1="1" ind2=" ">
    <subfield code="a">Libro da imparare giocare a scachi, et de bellissimi partiti, reuisti &amp; recoretti, &amp; con summa diligentia da molti famosissimi giocatori emendati. In lingua spagnola, &amp; taliana, nouamente stampato</subfield>
  </datafield>
  <datafield tag="210" ind1=" " ind2=" ">
    <subfield code="d">\Dopo il 1524!</subfield>
  </datafield>
  <datafield tag="215" ind1=" " ind2=" ">
    <subfield code="a">64 c.</subfield>
    <subfield code="c">ill.</subfield>
    <subfield code="d">8ʻ</subfield>
  </datafield>
  <datafield tag="300" ind1=" " ind2=" ">
    <subfield code="a">Per la data cfr.: A. Chicco, Le edizioni italiane del Libro di Damiano, in &quot;L&apos;Esopo&quot;, 22 (1984), p. 55</subfield>
  </datafield>
  <datafield tag="700" ind1=" " ind2="0">
    <subfield code="a">Damiano</subfield>
    <subfield code="c"> : da#Odemira</subfield>
    <subfield code="3">IT\ICCU\CNCA\004587</subfield>
  </datafield>
  <datafield tag="712" ind1="0" ind2="2">
    <subfield code="a">s.n.</subfield>
    <subfield code="3">IT\ICCU\CNCT\000002</subfield>
    <subfield code="4">650</subfield>
  </datafield>
  <datafield tag="790" ind1=" " ind2="1">
    <subfield code="a">Damiô,</subfield>
    <subfield code="b">Pedro</subfield>
    <subfield code="3">IT\ICCU\CNCA\015223</subfield>
    <subfield code="z">Damiano : da#Odemira</subfield>
  </datafield>
  <datafield tag="790" ind1=" " ind2="0">
    <subfield code="a">Damian</subfield>
    <subfield code="3">IT\ICCU\CNCA\015224</subfield>
    <subfield code="z">Damiano : da#Odemira</subfield>
  </datafield>
  <datafield tag="790" ind1=" " ind2="0">
    <subfield code="a">Damiano</subfield>
    <subfield code="c"> : de#Odenara</subfield>
    <subfield code="3">IT\ICCU\CNCA\015226</subfield>
    <subfield code="z">Damiano : da#Odemira</subfield>
  </datafield>
  <datafield tag="790" ind1=" " ind2="0">
    <subfield code="a">Damiano</subfield>
    <subfield code="c"> : Portoghese</subfield>
    <subfield code="3">IT\ICCU\CNCA\018317</subfield>
    <subfield code="z">Damiano : da#Odemira</subfield>
  </datafield>
  <datafield tag="801" ind1=" " ind2="3">
    <subfield code="a">IT</subfield>
    <subfield code="b">ICCU</subfield>
    <subfield code="c">20201114</subfield>
  </datafield>
  <datafield tag="899" ind1=" " ind2=" ">
    <subfield code="a">Biblioteca nazionale centrale. Firenze</subfield>
    <subfield code="1">FI0098</subfield>
    <subfield code="2">CFI CF</subfield>
  </datafield>
  <datafield tag="899" ind1=" " ind2=" ">
    <subfield code="a">Biblioteca comunale Augusta. Perugia</subfield>
    <subfield code="1">PG0109</subfield>
    <subfield code="2">UM1 01</subfield>
  </datafield>
  <datafield tag="899" ind1=" " ind2=" ">
    <subfield code="a">Biblioteca Palatina. Parma</subfield>
    <subfield code="z">MUTILO</subfield>
    <subfield code="1">PR0072</subfield>
    <subfield code="2">PAR PA</subfield>
  </datafield>
</record>
</collection>
